@article{Biller2015,
  author = {Biller, S. J. and Coe, A. and Martin-Cuadrado, A.-B. and Chisholm, S. W.},
  title = {Draft Genome Sequence of Alteromonas macleodii Strain MIT1002, Isolated from an Enrichment Culture of the Marine Cyanobacterium Prochlorococcus},
  journal = {Genome Announcements},
  volume = {3},
  number = {1},
  pages = {e01434-14},
  year = {2015}
}

@article{Cusick2020,
  author = {Cusick, K. D. and Polson, S. W. and Duran, G. and Hill, R. T.},
  title = {Multiple Megaplasmids Confer Extremely High Levels of Metal Tolerance in Alteromonas Strains},
  journal = {Applied and Environmental Microbiology},
  volume = {86},
  number = {13},
  pages = {e00510-20},
  year = {2020}
}

@article{Fadeev2016,
  author = {Fadeev, E. and De Pascale, F. and Vezzi, A. and Hübner, S. and Aharonovich, D. and Sher, D. and Gophna, U.},
  title = {Why Close a Bacterial Genome? The Plasmid of Alteromonas macleodii HOT1A3 Is a Vector for Inter-Specific Transfer of a Flexible Genomic Island},
  journal = {Frontiers in Microbiology},
  volume = {7},
  pages = {248},
  year = {2016}
}

@article{Huang2013,
  author = {Huang, L.},
  title = {IPMP 2013—A comprehensive data analysis tool for predictive microbiology},
  journal = {International Journal of Food Microbiology},
  volume = {171},
  pages = {100-107},
  year = {2013}
}

@article{Huber2017,
  author = {Huber, K. J. and Geppert, A. M. and Overmann, J.},
  title = {Aridibacter nitratireducens sp. nov., a member of the family Blastocatellaceae, class Blastocatellia, isolated from an African soil},
  journal = {International Journal of Systematic and Evolutionary Microbiology},
  volume = {67},
  number = {5},
  pages = {1366-1373},
  year = {2017}
}

@article{Ivanova2015,
  author = {Ivanova, E. P. and López-Pérez, M. and Zabalos, M. and Nguyen, S. H. and Webb, H. K. and Duncan, M. J. and Zhukova, N. V.},
  title = {Ecophysiological diversity of a novel member of the genus Alteromonas, and description of Alteromonas mediterranea sp. nov.},
  journal = {Antonie van Leeuwenhoek},
  volume = {107},
  number = {2},
  pages = {401-409},
  year = {2015}
}

@article{LeNovere2006,
  author = {Le Novère, N. and Bornstein, B. and Broicher, A. and Courtot, M. and Donizelli, M. and Dharuri, H. and Li, L. and Sauro, H. and Schilstra, M. and Shapiro, B. and Snoep, J. L. and Hucka, M.},
  title = {BioModels Database: A free, centralized database of curated, published, quantitative kinetic models of biochemical and cellular systems},
  journal = {Nucleic Acids Research},
  volume = {34},
  pages = {D689-D691},
  year = {2006}
}

@article{Li2010,
  author = {Li, C. and Donizelli, M. and Rodriguez, N. and Dharuri, H. and Endler, L. and Chelliah, V. and Li, L. and He, E. and Henry, A. and Stefan, M. I. and Snoep, J. L. and Hucka, M. and Le Novère, N. and Laibe, C.},
  title = {BioModels Database: An enhanced, curated and annotated resource for published quantitative kinetic models},
  journal = {BMC Systems Biology},
  volume = {4},
  pages = {92},
  year = {2010}
}

@article{Lobete2015,
  author = {Lobete, M. M. and Fernandez, E. N. and Van Impe, J. F.},
  title = {Recent trends in non-invasive in situ techniques to monitor bacterial colonies in solid (model) food},
  journal = {Frontiers in Microbiology},
  volume = {6},
  pages = {148},
  year = {2015}
}

@article{Pankowski2016,
  author = {Pankowski, J. A. and Puckett, S. M. and Nano, F. E.},
  title = {Temperature Sensitivity Conferred by ligA Alleles from Psychrophilic Bacteria upon Substitution in Mesophilic Bacteria and a Yeast Species},
  journal = {Applied and Environmental Microbiology},
  volume = {82},
  number = {6},
  pages = {1828-1838},
  year = {2016}
}

@article{Peleg2011,
  author = {Peleg, M. and Corradini, M. G.},
  title = {Microbial growth curves: What the models tell us and what they cannot},
  journal = {Critical Reviews in Food Science and Nutrition},
  volume = {51},
  number = {10},
  pages = {917-945},
  year = {2011}
}

@article{Pla2015,
  author = {Pla, M. L. and Oltra, S. and Esteban, M. D. and Andreu, S. and Palop, A.},
  title = {Comparison of primary models to predict microbial growth by the plate count and absorbance methods},
  journal = {BioMed Research International},
  volume = {2015},
  pages = {365025},
  year = {2015}
}

@article{Tahon2018,
  author = {Tahon, G. and Willems, A. and Carlier, A.},
  title = {Abditibacterium utsteinense sp. nov., the first cultivated member of candidate phylum FBP, isolated from ice-free Antarctic soil samples},
  journal = {Systematic and Applied Microbiology},
  volume = {41},
  number = {4},
  pages = {279-290},
  year = {2018}
}

@article{Wadsworth2017,
  author = {Wadsworth, J. and Cockell, C. S.},
  title = {Perchlorates on Mars enhance the bacteriocidal effects of UV light},
  journal = {Scientific Reports},
  volume = {7},
  pages = {4662},
  year = {2017}
}
